@book{sampReg,
author = "Sharon L. Lohr"
title = "Sampling: Design and Analysis"
edition = "Second"
year = 2009
publisher = "Brooks/Cole"
address = "Boston, Massachusetts"
}

@misc{DHS,
author = "Kenya National Bureau of Statistics, Ministry of Health, National AIDS Control Council, Kenya Medical Research Institute, National Council for Population and Development, The DHS Program, ICF International"
title = "Kenya Demographic Health Survey 2014"
year = 2015
}

@book{st1101,
author = "Richard J. Larsen, Morris L. Marx"
title = "An Introduction to Mathematical Statistics and it's Applications"
edition = "Fifth"
year = 2012
}